@online{e-magnetsuk,
  author = {e-magnetsuk},
  title = {\href{https://e-magnetsuk.com/neodymium_magnets/neodymium_grades.aspx}{Grades of Neodymium}},
  year = 2020,
  url = {https://e-magnetsuk.com/neodymium_magnets/neodymium_grades.aspx},
  urldate = {2020-04-28}
}